@book{clrs, place={Place of publication not identified}, title={Introduction to algorithms, 3rd edition}, author={Cormen, Thomas H. and Leiserson, Charles E.}, year={2009}}

@book{polynomial, title={Polynomial-Time Algorithms}, url={https://www.seas.upenn.edu/~cit596/notes/dave/p-and-np2.html}, journal={CSC 4170 Polynomial-Time Algorithms}, publisher={University of Pennsylvania}, author={Matuszek, David}, year={1996}, month={Apr}}

@book{knapsack, title={0-1 Knapsack: A Problem With NP-Completeness and Solvable in Pseudo-Polynomial Time}, url={https://www.baeldung.com/cs/knapsack-problem-np-completeness}, journal={Baeldung on Computer Science}, author={Datta, Subham}, year={2020}, month={Aug}}
